@incollection {pomerance18,
    AUTHOR = {Pomerance, C.},
     TITLE = {The first function and its iterates},
 BOOKTITLE = {Connections in discrete mathematics},
     PAGES = {125--138},
 PUBLISHER = {Cambridge Univ. Press, Cambridge},
      YEAR = {2018}}

@article {LY94,
    AUTHOR = {Leep,  D.B. and Yeomans, C.C.},
     TITLE = {The number of points on a singular curve over a finite field},
   JOURNAL = {Arch. Math. (Basel)},
  FJOURNAL = {Archiv der Mathematik},
    VOLUME = {63},
      YEAR = {1994},
     PAGES = {420--426},
}
	

@article {konyagin79b,
    AUTHOR = {Konyagin, S.},
     TITLE = {Letter to the editors: ``{T}he number of solutions of
              congruences of the {$n$}th degree with one unknown''},
   JOURNAL = {Mat. Sb. (N.S.)},
  FJOURNAL = {Matematicheski\u{\i} Sbornik. Novaya Seriya},
    VOLUME = {110(152)},
      YEAR = {1979},
     PAGES = {158},
}
		
@article {konyagin79a,
    AUTHOR = {Konyagin, S.},
     TITLE = {The number of solutions of congruences of the {$n$}th degree
              with one unknown},
   JOURNAL = {Mat. Sb. (N.S.)},
  FJOURNAL = {Matematicheski\u{\i} Sbornik. Novaya Seriya},
    VOLUME = {109(151)},
      YEAR = {1979},
     PAGES = {171--187, 327},
}	
	
@article {PPT18,
    AUTHOR = {Pollack, P. and Pomerance, C. and Thompson, L.},
     TITLE = {Divisor-sum fibers},
   JOURNAL = {Mathematika},
  FJOURNAL = {Mathematika. A Journal of Pure and Applied Mathematics},
    VOLUME = {64},
      YEAR = {2018},
     PAGES = {330--342},
}

@article {LP15,
    AUTHOR = {Luca, F. and Pomerance, C.},
     TITLE = {The range of the sum-of-proper-divisors function},
   JOURNAL = {Acta Arith.},
  FJOURNAL = {Acta Arithmetica},
    VOLUME = {168},
      YEAR = {2015},
     PAGES = {187--199},
}

@article{landau09,
 AUTHOR = {Landau, E.},
 TITLE = {L\"{o}sung des {L}ehmer'schen {P}roblems},
 JOURNAL = {American J. Math.},
 YEAR = {1909},
 VOLUME = {31},
 PAGES = {86--102},
}

@article {PP16,
    AUTHOR = {Pollack, P. and Pomerance, C.},
     TITLE = {Some problems of {{E}rd\H{o}s} on the sum-of-divisors function},
   JOURNAL = {Trans. Amer. Math. Soc. Ser. B},
  FJOURNAL = {Transactions of the American Mathematical Society. Series B},
    VOLUME = {3},
      YEAR = {2016},
     PAGES = {1--26},
}

@book {HR74,
    AUTHOR = {Halberstam, H. and Richert, H.-E.},
     TITLE = {Sieve methods},
 PUBLISHER = {Academic Press, London-New York},
      YEAR = {1974},
     PAGES = {xiv+364 pp. (loose errata)},
}

@article {pollack14,
    AUTHOR = {Pollack, P.},
     TITLE = {Some arithmetic properties of the sum of proper divisors and the sum of prime divisors},
   JOURNAL = {Illinois J. Math.},
  FJOURNAL = {Illinois Journal of Mathematics},
    VOLUME = {58},
      YEAR = {2014},
     PAGES = {125--147},
}

@article {troupe20,
    AUTHOR = {Troupe, L.},
     TITLE = {Divisor sums representable as the sum of two squares},
   JOURNAL = {Proc. Amer. Math. Soc.},
  FJOURNAL = {Proceedings of the American Mathematical Society},
    VOLUME = {148},
      YEAR = {2020},
     PAGES = {4189--4202},
}

@article {EP85,
    AUTHOR = {Erd\H{o}s, P. and Pomerance, C.},
     TITLE = {On the normal number of prime factors of {$\phi(n)$}},
JOURNAL = {Rocky Mountain J. Math.},
  FJOURNAL = {The Rocky Mountain Journal of Mathematics},
    VOLUME = {15},
      YEAR = {1985},
     PAGES = {343--352},
}

@article {erdos79,
    AUTHOR = {Erd\H{o}s, P.},
     TITLE = {Some unconventional problems in number theory},
   JOURNAL = {Acta Math. Acad. Sci. Hungar.},
  FJOURNAL = {Acta Mathematica. Academiae Scientiarum Hungaricae},
    VOLUME = {33},
      YEAR = {1979},
     PAGES = {71--80},
}

@article {scourfield85,
    AUTHOR = {Scourfield, E.J.},
     TITLE = {A uniform coprimality result for some arithmetic functions},
   JOURNAL = {J. Number Theory},
  FJOURNAL = {Journal of Number Theory},
    VOLUME = {20},
      YEAR = {1985},
     PAGES = {315--353},
}

@article {luca05,
    AUTHOR = {Luca, F.},
     TITLE = {On numbers not of the form {$n-\omega(n)$}},
   JOURNAL = {Acta Math. Hungar.},
  FJOURNAL = {Acta Mathematica Hungarica},
    VOLUME = {106},
      YEAR = {2005},
     PAGES = {117--135},
}

@article {scourfield84,
    AUTHOR = {Scourfield, E.J.},
     TITLE = {Uniform estimates for certain multiplicative properties},
   JOURNAL = {Monatsh. Math.},
  FJOURNAL = {Monatshefte f\"{u}r Mathematik},
    VOLUME = {97},
      YEAR = {1984},
     PAGES = {233--247},
}

@article{LPR21,
AUTHOR={Lebowitz-Lockard, N. and Pollack, P. and Singha Roy, A.},
TITLE = {Distribution mod $p$ of {E}uler's totient and the sum of proper divisors},
JOURNAL = {Michigan Math. J.},
NOTE = {to appear}
}

@article {cochrane03,
    AUTHOR = {Cochrane, T. and Liu, C.L. and Zheng, Z.Y.},
     TITLE = {Upper bounds on character sums with rational function entries},
   JOURNAL = {Acta Math. Sin. (Engl. Ser.)},
  FJOURNAL = {Acta Mathematica Sinica (English Series)},
    VOLUME = {19},
      YEAR = {2003},
     PAGES = {327--338},
}

@article {cochrane02,
    AUTHOR = {Cochrane, T.},
     TITLE = {Exponential sums modulo prime powers},
   JOURNAL = {Acta Arith.},
  FJOURNAL = {Acta Arithmetica},
    VOLUME = {101},
      YEAR = {2002},
     PAGES = {131--149},
}

@Article{pillai40,
 Author = {Pillai, S.S.},
 Title = {Generalisation of a theorem of {Mangoldt}},
 FJournal = {Proceedings of the Indian Academy of Sciences},
 Journal = {Proc. Indian Acad. Sci., Sect. A},
 ISSN = {0370-0089},
 Volume = {11},
 Pages = {13--20},
 Year = {1940},
}

@article {wirsing67,
    AUTHOR = {Wirsing, E.},
     TITLE = {Das asymptotische {V}erhalten von {S}ummen \"{u}ber multiplikative
              {F}unktionen. {II}},
   JOURNAL = {Acta Math. Acad. Sci. Hungar.},
  FJOURNAL = {Acta Mathematica. Academiae Scientiarum Hungaricae},
    VOLUME = {18},
      YEAR = {1967},
     PAGES = {411--467},
      ISSN = {0001-5954},
}

@article {delange69,
    AUTHOR = {Delange, H.},
     TITLE = {On integral-valued additive functions},
   JOURNAL = {J. Number Theory},
  FJOURNAL = {Journal of Number Theory},
    VOLUME = {1},
      YEAR = {1969},
     PAGES = {419--430},
}

@article {PSR22,
    AUTHOR = {Pollack, P. and Singha Roy, A.},
     TITLE = {Joint distribution in residue classes of polynomial-like
              multiplicative functions},
   JOURNAL = {Acta Arith.},
  FJOURNAL = {Acta Arithmetica},
    VOLUME = {202},
      YEAR = {2022},
     PAGES = {89--104},
}

@book {HT88,
    AUTHOR = {Hall, R.R. and Tenenbaum, G.},
     TITLE = {Divisors},
    SERIES = {Cambridge Tracts in Mathematics},
    VOLUME = {90},
 PUBLISHER = {Cambridge University Press, Cambridge},
      YEAR = {1988},
     PAGES = {xvi+167},
}

@article {tenenbaum00,
    AUTHOR = {Tenenbaum, G.},
     TITLE = {A rate estimate in {B}illingsley's theorem for the size
              distribution of large prime factors},
   JOURNAL = {Q. J. Math.},
  FJOURNAL = {The Quarterly Journal of Mathematics},
    VOLUME = {51},
      YEAR = {2000},
     PAGES = {385--403},
}



@article {narkiewicz82,
    AUTHOR = {Narkiewicz, W.},
     TITLE = {On a kind of uniform distribution for systems of
              multiplicative functions},
   JOURNAL = {Litovsk. Mat. Sb.},
  FJOURNAL = {Lietuvos TSR Moksl\polhk u Akademija. Lietuvos TSR Auk\v{s}tosios
              Mokyklos. Lietuvos Matematikos Rinkinys. Akademiya Nauk
              Litovsko\u{\i} SSR. Vysshie Uchebnye Zavedeniya Litovsko\u{\i} SSR.
              Litovski\u{\i}\ Matematicheski\u{\i} Sbornik},
    VOLUME = {22},
      YEAR = {1982},
     PAGES = {127--137},
}

@unpublished{PSR,
    AUTHOR = {Pollack, P. and Singha Roy, A.},
    TITLE = {Benford behavior and distribution in residue classes of large prime factors},
    NOTE = {submitted}
}

@article {CG09,
    AUTHOR = {Cilleruelo, J. and Garaev, M.Z.},
     TITLE = {Least totients in arithmetic progressions},
   JOURNAL = {Proc. Amer. Math. Soc.},
  FJOURNAL = {Proceedings of the American Mathematical Society},
    VOLUME = {137},
      YEAR = {2009},
     PAGES = {2913--2919},
}









@book {HW08,
    AUTHOR = {Hardy, G.H. and Wright, E.M.},
     TITLE = {An introduction to the theory of numbers},
   EDITION = {Sixth},
 PUBLISHER = {Oxford University Press, Oxford},
      YEAR = {2008},
     PAGES = {xxii+621},
}

@incollection {BS04,
    AUTHOR = {Banks, W.D. and Shparlinski, I.E.},
     TITLE = {Congruences and exponential sums with the {E}uler function},
 BOOKTITLE = {High primes and misdemeanours: lectures in honour of the 60th
              birthday of {H}ugh {C}owie {W}illiams},
    SERIES = {Fields Inst. Commun.},
    VOLUME = {41},
     PAGES = {49--59},
 PUBLISHER = {Amer. Math. Soc., Providence, RI},
      YEAR = {2004},
}

@book {tenenbaum15,
    AUTHOR = {Tenenbaum, G.},
     TITLE = {Introduction to analytic and probabilistic number theory},
    SERIES = {Graduate Studies in Mathematics},
    VOLUME = {163},
   EDITION = {Third},
 PUBLISHER = {American Mathematical Society, Providence, RI},
      YEAR = {2015},
     PAGES = {xxiv+629},
}

@article {BHS05,
    AUTHOR = {Banks, W.D. and Harman, G. and Shparlinski, I.E.},
     TITLE = {Distributional properties of the largest prime factor},
   JOURNAL = {Michigan Math. J.},
  FJOURNAL = {Michigan Mathematical Journal},
    VOLUME = {53},
      YEAR = {2005},
     PAGES = {665--681}
}

@article {wirsing61,
    AUTHOR = {Wirsing, E.},
     TITLE = {Das asymptotische {V}erhalten von {S}ummen \"{u}ber multiplikative
              {F}unktionen},
   JOURNAL = {Math. Ann.},
  FJOURNAL = {Mathematische Annalen},
    VOLUME = {143},
      YEAR = {1961},
     PAGES = {75--102},
}

@article {hall70,
    AUTHOR = {Hall, {R.R.}},
     TITLE = {On the probability that {$n$} and {$f(n)$} are relatively
              prime},
   JOURNAL = {Acta Arith.},
  FJOURNAL = {Polska Akademia Nauk. Instytut Matematyczny. Acta Arithmetica},
    VOLUME = {17},
      YEAR = {1970},
     PAGES = {169--183},
    NOTE = {corrigendum in \textbf{19} (1971), 203--204},
}

@article {BS95,
    AUTHOR = {Browkin, J. and Schinzel, A.},
     TITLE = {On integers not of the form {$n-\phi(n)$}},
   JOURNAL = {Colloq. Math.},
  FJOURNAL = {Colloquium Mathematicum},
    VOLUME = {68},
      YEAR = {1995},
     PAGES = {55--58},
}


@article {GAM05,
    AUTHOR = {Grytczuk, A. and {M{\polhk{e}}dryk}, B.},
     TITLE = {On a result of {F}lammenkamp-{L}uca concerning noncototient
              sequence},
   JOURNAL = {Tsukuba J. Math.},
  FJOURNAL = {Tsukuba Journal of Mathematics},
    VOLUME = {29},
      YEAR = {2005},
     PAGES = {533--538},
}
		
@article {FL00,
    AUTHOR = {Flammenkamp, A. and Luca, F.},
     TITLE = {Infinite families of noncototients},
   JOURNAL = {Colloq. Math.},
  FJOURNAL = {Colloquium Mathematicum},
    VOLUME = {86},
      YEAR = {2000},
     PAGES = {37--41},
}

@article {hall72,
    AUTHOR = {Hall, {R.R.}},
     TITLE = {On the probability that {$n$} and {$f(n)$} are relatively
              prime. {III}},
   JOURNAL = {Acta Arith.},
  FJOURNAL = {Polska Akademia Nauk. Instytut Matematyczny. Acta Arithmetica},
    VOLUME = {20},
      YEAR = {1972},
     PAGES = {267--289},
}

@incollection {goldfeld17,
    AUTHOR = {Goldfeld, D.},
     TITLE = {On an additive prime divisor function of {A}lladi and {{E}rd\H{o}s}},
 BOOKTITLE = {Analytic number theory, modular forms and {$q$}-hypergeometric
              series},
    SERIES = {Springer Proc. Math. Stat.},
    VOLUME = {221},
     PAGES = {297--309},
 PUBLISHER = {Springer, Cham},
      YEAR = {2017},
}

@article {PY13,
    AUTHOR = {Pomerance, C. and Yang, H.-S.},
     TITLE = {Variant of a theorem of {{E}rd\H{o}s} on the sum-of-proper-divisors
              function},
   JOURNAL = {Math. Comp.},
  FJOURNAL = {Mathematics of Computation},
    VOLUME = {83},
      YEAR = {2014},
     PAGES = {1903--1913},
}

@article {erdos73,
    AUTHOR = {{Erd\H{o}s}, P.},
     TITLE = {\"{U}ber die {Z}ahlen der {F}orm {$\sigma (n)-n$} und
              {$n-\phi(n)$}},
   JOURNAL = {Elem. Math.},
  FJOURNAL = {Elemente der Mathematik. Revue de Math\'{e}matiques \'{E}l\'{e}mentaires.
              Rivista de Matematica Elementare},
    VOLUME = {28},
      YEAR = {1973},
     PAGES = {83--86},
}
		
@article {hall71,
    AUTHOR = {Hall, {R.R.}},
     TITLE = {On the probability that {$n$} and {$f(n)$} are relatively
              prime. {II}},
   JOURNAL = {Acta Arith.},
  FJOURNAL = {Polska Akademia Nauk. Instytut Matematyczny. Acta Arithmetica},
    VOLUME = {19},
      YEAR = {1971},
     PAGES = {175--184},
}

@article {alladi77,
    AUTHOR = {Alladi, K. and {Erd\H{o}s, P.}},
     TITLE = {On an additive arithmetic function},
   JOURNAL = {Pacific J. Math.},
  FJOURNAL = {Pacific Journal of Mathematics},
    VOLUME = {71},
      YEAR = {1977},
     PAGES = {275--294},
}


@article {FLM14,
    AUTHOR = {Ford, K. and Luca, F. and Moree, P.},
     TITLE = {Values of the {E}uler {$\phi$}-function not divisible by a
              given odd prime, and the distribution of {E}uler-{K}ronecker
              constants for cyclotomic fields},
   JOURNAL = {Math. Comp.},
  FJOURNAL = {Mathematics of Computation},
    VOLUME = {83},
      YEAR = {2014},
       PAGES ={1447--1476},
}

@article {barban66,
    AUTHOR = {Barban, M.B.},
     TITLE = {The ``large sieve'' method and its application to number
              theory},
   JOURNAL = {Uspehi Mat. Nauk},
  FJOURNAL = {Akademiya Nauk SSSR i Moskovskoe Matematicheskoe Obshchestvo.
              Uspekhi Matematicheskikh Nauk},
    VOLUME = {21},
    NUMBER = {1},
      YEAR = {1966},
     PAGES = {51--102},
     LANGUAGE = {Russian},
     NOTE = {English translation in Russ. Math. Surv. \textbf{21} (1966), no.~1, 49--103}
}

@book {SS94,
    AUTHOR = {Schwarz, W. and Spilker, J.},
     TITLE = {Arithmetical functions},
    SERIES = {London Mathematical Society Lecture Note Series},
    VOLUME = {184},
      NOTE = {An introduction to elementary and analytic properties of
              arithmetic functions and to some of their almost-periodic
              properties},
 PUBLISHER = {Cambridge University Press, Cambridge},
      YEAR = {1994},
     PAGES = {xx+367},
}

@incollection {EGPS90,
    AUTHOR = {Erd\H{o}s, P. and Granville, A. and Pomerance, C. and Spiro, C.},
     TITLE = {On the normal behavior of the iterates of some arithmetic
              functions},
 BOOKTITLE = {Analytic number theory ({A}llerton {P}ark, {IL}, 1989)},
    SERIES = {Progr. Math.},
    VOLUME = {85},
     PAGES = {165--204},
 PUBLISHER = {Birkh\"{a}user Boston, Boston, MA},
      YEAR = {1990},
}

@article {narkiewicz66,
    AUTHOR = {Narkiewicz, W.},
     TITLE = {On distribution of values of multiplicative functions in
              residue classes},
   JOURNAL = {Acta Arith.},
  FJOURNAL = {Polska Akademia Nauk. Instytut Matematyczny. Acta Arithmetica},
    VOLUME = {12},
      YEAR = {1967},
     PAGES = {269--279},
}

@incollection {PP13,
    AUTHOR = {Pollack, P. and Pomerance, C.},
     TITLE = {Paul {{E}rd\H{o}s} and the rise of statistical thinking in
              elementary number theory},
 BOOKTITLE = {Erd\"{o}s centennial},
    SERIES = {Bolyai Soc. Math. Stud.},
    VOLUME = {25},
     PAGES = {515--533},
 PUBLISHER = {J\'{a}nos Bolyai Math. Soc., Budapest},
      YEAR = {2013},
}

@book {billingsley95,
    AUTHOR = {Billingsley, P.},
     TITLE = {Probability and measure},
    SERIES = {Wiley Series in Probability and Mathematical Statistics},
   EDITION = {Third},
 PUBLISHER = {John Wiley \& Sons, Inc., New York},
      YEAR = {1995},
     PAGES = {xiv+593},
}


@incollection {HR00,
    AUTHOR = {Hardy, G.H. and Ramanujan, S.},
     TITLE = {The normal number of prime factors of a number {$n$} [{Q}uart. {J}. {M}ath. {\bf 48} (1917), 76--92]},
 BOOKTITLE = {Collected papers of {S}rinivasa {R}amanujan},
     PAGES = {262--275},
 PUBLISHER = {AMS Chelsea Publ., Providence, RI},
      YEAR = {2000},
}

@article {EK40,
    AUTHOR = {Erd\H{o}s, P. and Kac, M.},
     TITLE = {The {G}aussian law of errors in the theory of additive number              theoretic functions},
   JOURNAL = {Amer. J. Math.},
  FJOURNAL = {American Journal of Mathematics},
    VOLUME = {62},
      YEAR = {1940},
     PAGES = {738--742},
}

@article{davenport33,
AUTHOR = {Davenport, H.},
TITLE ={\"{U}ber numeri abundantes},
JOURNAL = {S.-{B}er. {P}reuß. {A}kad. {W}iss., math.-nat. {K}l.},
YEAR = {1933},
PAGES = {830–837},
}


@article {billingsley69,
    AUTHOR = {Billingsley, P.},
     TITLE = {On the central limit theorem for the prime divisor functions},
   JOURNAL = {Amer. Math. Monthly},
  FJOURNAL = {American Mathematical Monthly},
    VOLUME = {76},
      YEAR = {1969},
     PAGES = {132--139},
}

@book {MV07,
    AUTHOR = {Montgomery, H.L. and Vaughan, R.C.},
     TITLE = {Multiplicative number theory. {I}. {C}lassical theory},
    SERIES = {Cambridge Studies in Advanced Mathematics},
    VOLUME = {97},
 PUBLISHER = {Cambridge University Press, Cambridge},
      YEAR = {2007},
}


@article {norton76,
    AUTHOR = {Norton, {K.K.}},
     TITLE = {On the number of restricted prime factors of an integer. {I}},
   JOURNAL = {Illinois J. Math.},
  FJOURNAL = {Illinois Journal of Mathematics},
    VOLUME = {20},
      YEAR = {1976},
     PAGES = {681--705},
}

@article {erdos76,
    AUTHOR = {Erd\H{o}s, P.},
     TITLE = {On asymptotic properties of aliquot sequences},
   JOURNAL = {Math. Comp.},
  FJOURNAL = {Mathematics of Computation},
    VOLUME = {30},
      YEAR = {1976},
    NUMBER = {135},
     PAGES = {641--645},
}

@article {pomerance77,
    AUTHOR = {Pomerance, C.},
     TITLE = {On the distribution of amicable numbers},
   JOURNAL = {J. Reine Angew. Math.},
    VOLUME = {293(294)},
      YEAR = {1977},
     PAGES = {217--222},
}


@article {CEP83,
    AUTHOR = {Canfield, E.R. and Erd\H{o}s, P. and Pomerance, C.},
     TITLE = {On a problem of {O}ppenheim concerning ``factorisatio
              numerorum''},
   JOURNAL = {J. Number Theory},
  FJOURNAL = {Journal of Number Theory},
    VOLUME = {17},
      YEAR = {1983},
     PAGES = {1--28},
}

@book {narkiewicz84,
    AUTHOR = {Narkiewicz, W.},
     TITLE = {Uniform distribution of sequences of integers in residue
              classes},
    SERIES = {Lecture Notes in Mathematics},
    VOLUME = {1087},
 PUBLISHER = {Springer-Verlag, Berlin},
      YEAR = {1984},
     PAGES = {viii+125},
}

@article {narkiewicz81,
    AUTHOR = {Narkiewicz, W.},
     TITLE = {Euler's function and the sum of divisors},
   JOURNAL = {J. Reine Angew. Math.},
  FJOURNAL = {Journal f\"{u}r die Reine und Angewandte Mathematik. [Crelle's
              Journal]},
    VOLUME = {323},
      YEAR = {1981},
     PAGES = {200--212},
}

@article {scourfield64,
    AUTHOR = {Scourfield, E.J.},
     TITLE = {On the divisibility of {$\sigma_{\nu}(n)$}},
   JOURNAL = {Acta Arith.},
  FJOURNAL = {Polska Akademia Nauk. Instytut Matematyczny. Acta Arithmetica},
    VOLUME = {10},
      YEAR = {1964},
     PAGES = {245--285},
}

@article {BS06,
    AUTHOR = {Banks, W.D. and Shparlinski, I.E.},
     TITLE = {Congruences and rational exponential sums with the {E}uler
              function},
   JOURNAL = {Rocky Mountain J. Math.},
  FJOURNAL = {The Rocky Mountain Journal of Mathematics},
    VOLUME = {36},
      YEAR = {2006},
     PAGES = {1415--1426},
}

@incollection {BS05,
    AUTHOR = {Banks, W.D. and Shparlinski, I.E.},
     TITLE = {Congruences and exponential sums with the {E}uler function},
 BOOKTITLE = {High primes and misdemeanours: lectures in honour of the 60th
              birthday of {H}ugh {C}owie {W}illiams},
    SERIES = {Fields Inst. Commun.},
    VOLUME = {41},
     PAGES = {49--59},
 PUBLISHER = {Amer. Math. Soc., Providence, RI},
      YEAR = {2004},
}

@article {pomerance80,
    AUTHOR = {Pomerance, C.},
     TITLE = {Popular values of {E}uler's function},
   JOURNAL = {Mathematika},
  FJOURNAL = {Mathematika. A Journal of Pure and Applied Mathematics},
    VOLUME = {27},
      YEAR = {1980},
     PAGES = {84--89},
}

@article {narkiewicz12,
    AUTHOR = {Narkiewicz, W.},
     TITLE = {Weak proper distribution of values of multiplicative functions
              in residue classes},
   JOURNAL = {J. Aust. Math. Soc.},
  FJOURNAL = {Journal of the Australian Mathematical Society},
    VOLUME = {93},
      YEAR = {2012},
     PAGES = {173--188},
}

@article {BL07,
    AUTHOR = {Balasuriya, S. and Luca, F.},
     TITLE = {Character sums with the aliquot divisors function},
   JOURNAL = {Unif. Distrib. Theory},
  FJOURNAL = {Uniform Distribution Theory},
    VOLUME = {2},
      YEAR = {2007},
     PAGES = {121--138},
}

@article{DP98,
    AUTHOR = {Dence, T. and Pomerance, C.},
     TITLE = {Euler's function in residue classes},
   JOURNAL = {Ramanujan J.},
  FJOURNAL = {Ramanujan Journal. An International Journal Devoted to the
              Areas of Mathematics Influenced by Ramanujan},
    VOLUME = {2},
      YEAR = {1998},
     PAGES = {7--20},
}

@article {BBS08,
    AUTHOR = {Balasuriya, S. and Banks, W.D. and Shparlinski, I.E.},
     TITLE = {Congruences and exponential sums with the sum of aliquot
              divisors function},
   JOURNAL = {Int. J. Number Theory},
  FJOURNAL = {International Journal of Number Theory},
    VOLUME = {4},
      YEAR = {2008},
     PAGES = {903--909}
}

@book {IR90,
    AUTHOR = {Ireland, K. and Rosen, M.},
     TITLE = {A classical introduction to modern number theory},
    SERIES = {Graduate Texts in Mathematics},
    VOLUME = {84},
   EDITION = {Second},
 PUBLISHER = {Springer-Verlag, New York},
      YEAR = {1990},
     PAGES = {xiv+389},
}

@article {AE44,
    AUTHOR = {Alaoglu, L. and Erd\H{o}s, P.},
     TITLE = {A conjecture in elementary number theory},
   JOURNAL = {Bull. Amer. Math. Soc.},
  FJOURNAL = {Bulletin of the American Mathematical Society},
    VOLUME = {50},
      YEAR = {1944},
     PAGES = {881--882},
}
	

@article {wan97,
    AUTHOR = {Wan, D.},
     TITLE = {Generators and irreducible polynomials over finite fields},
   JOURNAL = {Math. Comp.},
  FJOURNAL = {Mathematics of Computation},
    VOLUME = {66},
      YEAR = {1997},
    NUMBER = {219},
     PAGES = {1195--1212},
}

@article {CM20,
    AUTHOR = {Chang, B. and Martin, G.},
     TITLE = {The smallest invariant factor of the multiplicative group},
   JOURNAL = {Int. J. Number Theory},
  FJOURNAL = {International Journal of Number Theory},
    VOLUME = {16},
      YEAR = {2020},
     PAGES = {1377--1405},
}

@article {troupe15,
    AUTHOR = {Troupe, L.},
     TITLE = {On the number of prime factors of values of the
              sum-of-proper-divisors function},
   JOURNAL = {J. Number Theory},
  FJOURNAL = {Journal of Number Theory},
    VOLUME = {150},
      YEAR = {2015},
     PAGES = {120--135},
}
	

@article {BSS09,
    AUTHOR = {Balasuriya, S. and Shparlinski, I.E. and Sutantyo, D.},
     TITLE = {Multiplicative character sums with the {E}uler function},
   JOURNAL = {Studia Sci. Math. Hungar.},
  FJOURNAL = {Studia Scientiarum Mathematicarum Hungarica. A Quarterly of
              the Hungarian Academy of Sciences},
    VOLUME = {46},
      YEAR = {2009},
     PAGES = {223--229},
}


@incollection {FKP99,
    AUTHOR = {Ford, K. and Konyagin, S. and Pomerance, C.},
     TITLE = {Residue classes free of values of {E}uler's function},
 BOOKTITLE = {Number theory in progress, {V}ol. 2 ({Z}akopane-{K}o\'{s}cielisko,
              1997)},
     PAGES = {805--812},
 PUBLISHER = {de Gruyter, Berlin},
      YEAR = {1999},
}

@article {garaev09,
    AUTHOR = {Garaev, M.Z.},
     TITLE = {A note on the least totient of a residue class},
   JOURNAL = {Q. J. Math.},
  FJOURNAL = {The Quarterly Journal of Mathematics},
    VOLUME = {60},
      YEAR = {2009},
     PAGES = {53--56}
}

@article {SW06,
    AUTHOR = {Spearman,  B.K. and Williams, K.S.},
     TITLE = {Values of the {E}uler phi function not divisible by a given
              odd prime},
   JOURNAL = {Ark. Mat.},
  FJOURNAL = {Arkiv f\"{o}r Matematik},
    VOLUME = {44},
      YEAR = {2006},
     PAGES = {166--181},
}

@article {shirokov83,
    AUTHOR = {Shirokov, B.M.},
     TITLE = {Distribution of values of arithmetic functions in residue classes},
  JOURNAL = {J. Soviet Math.},
  VOLUME= {29},
  PAGES = {1356–1363},
  YEAR={1983}
}

@article {LPZ11,
    AUTHOR = {Lamzouri, Y. and Phaovibul, M.T. and Zaharescu,
              A.},
     TITLE = {On the distribution of the partial sum of {E}uler's totient
              function in residue classes},
   JOURNAL = {Colloq. Math.},
  FJOURNAL = {Colloquium Mathematicum},
    VOLUME = {123},
      YEAR = {2011},
     PAGES = {115--127},
}


		
@article {FL08,
    AUTHOR = {Friedlander, J.B. and Luca, F.},
     TITLE = {Residue classes having tardy totients},
   JOURNAL = {Bull. Lond. Math. Soc.},
  FJOURNAL = {Bulletin of the London Mathematical Society},
    VOLUME = {40},
      YEAR = {2008},
     PAGES = {1007--1016},
}
		
@article {FS07,
    AUTHOR = {Friedlander, J.B. and Shparlinski, I.E.},
     TITLE = {Least totient in a residue class},
   JOURNAL = {Bull. Lond. Math. Soc.},
  FJOURNAL = {Bulletin of the London Mathematical Society},
    VOLUME = {39},
      YEAR = {2007},
      PAGES = {425--432},
NOTE = {corrigendum in \textbf{40} (2008), 532} 
}