@inproceedings{ELP08,
 AUTHOR = {Erd\H{o}s, P. and Luca, F. and Pomerance, C.},
 TITLE = {On the proportion of numbers coprime to a given integer},
 BOOKTITLE = {Anatomy of Integers},
 YEAR = {2008},
 EDITORS = {de Koninck, J.-M. and Granville, A. and Luca, F.},
 PUBLISHER = {Amer. Math. Soc.},
 SERIES = {CRM Proceedings \& Lecture  Notes},
 VOLUME = {46},
 PAGES = {47--64}
}

@book {HW79,
    AUTHOR = {Hardy, G. H. and Wright, E. M.},
     TITLE = {An introduction to the theory of numbers},
   EDITION = {Fifth},
 PUBLISHER = {The Clarendon Press Oxford University Press},
   ADDRESS = {New York},
      YEAR = {1979},
     PAGES = {xvi+426},
      ISBN = {0-19-853170-2; 0-19-853171-0},
}


@article {erdos56,
    AUTHOR = {Erd\H{o}s, P.},
     TITLE = {On perfect and multiply perfect numbers},
   JOURNAL = {Ann. Mat. Pura Appl. (4)},
  FJOURNAL = {Annali di Matematica Pura ed Applicata. Serie Quarta},
    VOLUME = {42},
      YEAR = {1956},
     PAGES = {253--258},
      ISSN = {0003-4622},
}

@article {KS06,
    AUTHOR = {K{\'a}tai, I. and Subbarao, M. V.},
     TITLE = {Some further remarks on the {$\phi$} and {$\sigma$}-functions},
   JOURNAL = {Ann. Univ. Sci. Budapest. Sect. Comput.},
  FJOURNAL = {Annales Universitatis Scientiarum Budapestinensis de Rolando
              E\"otv\"os Nominatae. Sectio Computatorica},
    VOLUME = {26},
      YEAR = {2006},
     PAGES = {51--63},
}


@book {tenenbaum95,
    AUTHOR = {Tenenbaum, G.},
     TITLE = {Introduction to analytic and probabilistic number theory},
    SERIES = {Cambridge Studies in Advanced Mathematics},
    VOLUME = {46},
      NOTE = {Translated from the second French edition (1995) by C. B.
              Thomas},
 PUBLISHER = {Cambridge University Press},
   ADDRESS = {Cambridge},
      YEAR = {1995},
     PAGES = {xvi+448},
      ISBN = {0-521-41261-7},
}


@article {lucht76,
    AUTHOR = {Lucht, L.},
     TITLE = {\"{U}ber die {H}intereinanderschaltung mulitplikativer
              {F}unktionen},
   JOURNAL = {J. Reine Angew. Math.},
  FJOURNAL = {Journal f\"ur die Reine und Angewandte Mathematik},
    VOLUME = {283/284},
      YEAR = {1976},
     PAGES = {275--281},
      ISSN = {0075-4102},
}


@incollection{LP07,
    AUTHOR = {Luca, F. and Pomerance, C.},
     TITLE = {Irreducible radical extensions and {E}uler-function chains},
 BOOKTITLE = {Combinatorial number theory},
     PAGES = {351--361},
 PUBLISHER = {de Gruyter},
   ADDRESS = {Berlin},
      YEAR = {2007},
}


@article {wirsing59,
    AUTHOR = {Wirsing, E.},
     TITLE = {Bemerkung zu der {A}rbeit \"uber vollkommene {Z}ahlen},
   JOURNAL = {Math. Ann.},
  FJOURNAL = {Mathematische Annalen},
    VOLUME = {137},
      YEAR = {1959},
     PAGES = {316--318},
      ISSN = {0025-5831},
}



@book {MR2076335,
    AUTHOR = {Guy, Richard K.},
     TITLE = {Unsolved problems in number theory},
    SERIES = {Problem Books in Mathematics},
   EDITION = {Third},
 PUBLISHER = {Springer-Verlag},
   ADDRESS = {New York},
      YEAR = {2004},
     PAGES = {xviii+437},
      ISBN = {0-387-20860-7},
   MRCLASS = {11-01 (11-02)},
  MRNUMBER = {MR2076335 (2005h:11003)},
MRREVIEWER = {Greg Martin},
}

@book {MR551361,
    AUTHOR = {Elliott, P. D. T. A.},
     TITLE = {Probabilistic number theory. {I}},
    SERIES = {Grundlehren der Mathematischen Wissenschaften [Fundamental
              Principles of Mathematical Science]},
    VOLUME = {239},
      NOTE = {Mean-value theorems},
 PUBLISHER = {Springer-Verlag},
   ADDRESS = {New York},
      YEAR = {1979},
     PAGES = {xxii+359+xxxiii pp. (2 plates)},
      ISBN = {0-387-90437-9},
   MRCLASS = {10-02 (10K20 60C05)},
  MRNUMBER = {MR551361 (82h:10002a)},
MRREVIEWER = {J. Kubilius},
}

@book {MR0424730,
    AUTHOR = {Halberstam, H. and Richert, H.-E.},
     TITLE = {Sieve methods},
      SERIES = {London Mathematical Society Monographs},
      VOLUME = {4},
 PUBLISHER = {Academic Press [A subsidiary of Harcourt Brace Jovanovich,
              Publishers], London-New York},
      YEAR = {1974},
     PAGES = {xiv+364 pp. (loose errata)},
   MRCLASS = {10H30},
  MRNUMBER = {MR0424730 (54 \#12689)},
MRREVIEWER = {J. W. Porter},
}
